<record xmlns="http://www.loc.gov/MARC21/slim" xmlns:xsi="http://www.w3.org/2001/XMLSchema-instance" xsi:schemaLocation="http://www.loc.gov/MARC21/slim http://www.loc.gov/standards/marcxml/schema/MARC21slim.xsd"><leader>02322nam a2200385   4500</leader><controlfield tag="001">796279</controlfield><controlfield tag="003">NNC</controlfield><controlfield tag="006">m        d        </controlfield><controlfield tag="007">cr cn |||m|||a</controlfield><controlfield tag="008">150223s1869    iq      o     000 0 ara d</controlfield><datafield ind1=" " ind2=" " tag="040"><subfield code="a">NNU</subfield><subfield code="b">eng</subfield><subfield code="e">rda</subfield><subfield code="c">NNU</subfield></datafield><datafield ind1=" " ind2="4" tag="050"><subfield code="a">PJ7760.I18</subfield><subfield code="b">F35</subfield></datafield><datafield ind1="1" ind2=" " tag="100"><subfield code="6">880-01</subfield><subfield code="a">Ibn &#699;Arabsha&#772;h, Ah&#803;mad ibn Muh&#803;ammad,</subfield><subfield code="d">1392-1450.</subfield></datafield><datafield ind1="1" ind2="0" tag="240"><subfield code="6">880-02</subfield><subfield code="a">Fa&#772;kihat al-khulafa&#772;&#700; wa-mufa&#772;kahat al-z&#803;urafa&#772;&#700;</subfield></datafield><datafield ind1="1" ind2="0" tag="245"><subfield code="6">880-03</subfield><subfield code="a">Kita&#772;b fa&#772;kihat al-khulafa&#772;&#700; wa-mufa&#772;kahat al-z&#803;urafa&#772;&#700; /</subfield><subfield code="c">lil-&#699;alla&#772;mah Ah&#803;mad ibn Muh&#803;ammad ibn &#699;Arabsha&#772;h al-H&#803;anafi&#772;.</subfield></datafield><datafield ind1="3" ind2=" " tag="246"><subfield code="6">880-04</subfield><subfield code="a">Fa&#772;kihat al-khulafa&#772;&#700; wa-mufa&#772;kahat al-z&#803;urafa&#772;&#700;</subfield></datafield><datafield ind1=" " ind2=" " tag="260"><subfield code="6">880-05</subfield><subfield code="a">al-Maws&#803;il :</subfield><subfield code="b">Dayr al-A&#772;ba&#772;&#700; al-Du&#772;miniki&#772;yi&#772;n,</subfield><subfield code="c">1869.</subfield></datafield><datafield ind1=" " ind2=" " tag="300"><subfield code="a">online resource (520 pages)</subfield></datafield><datafield ind1=" " ind2=" " tag="336"><subfield code="a">text</subfield><subfield code="2">rdacontent</subfield></datafield><datafield ind1=" " ind2=" " tag="337"><subfield code="a">computer</subfield><subfield code="2">rdamedia</subfield></datafield><datafield ind1=" " ind2=" " tag="338"><subfield code="a">online resource</subfield><subfield code="2">rdacarrier</subfield></datafield><datafield ind1=" " ind2=" " tag="500"><subfield code="a">Part of the Arabic Collections Online (ACO) project, contributed by Columbia University Libraries.</subfield></datafield><datafield ind1=" " ind2=" " tag="533"><subfield code="a">Electronic reproduction.</subfield><subfield code="b">New York, N.Y. :</subfield><subfield code="c">New York University,</subfield><subfield code="d">2015.</subfield><subfield code="5">NNU</subfield></datafield><datafield ind1="2" ind2=" " tag="710"><subfield code="a">Columbia University.</subfield><subfield code="b">Libraries.</subfield></datafield><datafield ind1="0" ind2=" " tag="730"><subfield code="a">Arabic Collections Online.</subfield></datafield><datafield ind1="0" ind2="8" tag="776"><subfield code="i">Online version:</subfield><subfield code="a">Ibn &#699;Arabsha&#772;h, Ah&#803;mad ibn Muh&#803;ammad, 1392-1450.</subfield><subfield code="s">Fa&#772;kihat al-khulafa&#772;&#700; wa-mufa&#772;kahat al-z&#803;urafa&#772;&#700;.</subfield><subfield code="t">Kita&#772;b fa&#772;kihat al-khulafa&#772;&#700; wa-mufa&#772;kahat al-z&#803;urafa&#772;&#700;.</subfield><subfield code="d">al-Maws&#803;il : Dayr al-A&#772;ba&#772;&#700; al-Du&#772;miniki&#772;yi&#772;n, 1869</subfield><subfield code="w">(OCoLC)780152192</subfield></datafield><datafield ind1="0" ind2="8" tag="776"><subfield code="i">Print version:</subfield><subfield code="a">Ibn &#699;Arabsha&#772;h, Ah&#803;mad ibn Muh&#803;ammad, 1392-1450.</subfield><subfield code="t">Kita&#772;b fa&#772;kihat al-khulafa&#772;&#700; wa-mufa&#772;kahat al-z&#803;urafa&#772;&#700;</subfield><subfield code="w">(NNC)796279</subfield><subfield code="w">(OCoLC)36264615</subfield></datafield><datafield ind1="4" ind2="0" tag="856"><subfield code="u">http://hdl.handle.net/2333.1/1c59zxv0</subfield></datafield><datafield ind1="1" ind2=" " tag="880"><subfield code="6">100-01/r</subfield><subfield code="a">&#1575;&#1576;&#1606; &#1593;&#1585;&#1576;&#1588;&#1575;&#1607;&#1548; &#1571;&#1581;&#1605;&#1583; &#1576;&#1606; &#1605;&#1581;&#1605;&#1583;.</subfield></datafield><datafield ind1="1" ind2="0" tag="880"><subfield code="6">240-02/r</subfield><subfield code="a">&#1601;&#1575;&#1705;&#1607;&#1577; &#1575;&#1604;&#1582;&#1604;&#1601;&#1575;&#1569; &#1608;&#1605;&#1601;&#1575;&#1705;&#1607;&#1577; &#1575;&#1604;&#1592;&#1585;&#1601;&#1575;&#1569;</subfield></datafield><datafield ind1="1" ind2="0" tag="880"><subfield code="6">245-03/r</subfield><subfield code="a">&#1705;&#1578;&#1575;&#1576; &#1601;&#1575;&#1705;&#1607;&#1577; &#1575;&#1604;&#1582;&#1604;&#1601;&#1575;&#1569; &#1608;&#1605;&#1601;&#1575;&#1705;&#1607;&#1577; &#1575;&#1604;&#1592;&#1585;&#1601;&#1575;&#1569; /</subfield><subfield code="c">&#1604;&#1604;&#1593;&#1604;&#1575;&#1605;&#1577; &#1571;&#1581;&#1605;&#1583; &#1576;&#1606; &#1605;&#1581;&#1605;&#1583; &#1576;&#1606; &#1593;&#1585;&#1576; &#1588;&#1575;&#1607; &#1575;&#1604;&#1581;&#1606;&#1601;&#1610;.</subfield></datafield><datafield ind1="3" ind2=" " tag="880"><subfield code="6">246-04/r</subfield><subfield code="a">&#1601;&#1575;&#1603;&#1607;&#1577; &#1575;&#1604;&#1582;&#1604;&#1601;&#1575;&#1569; &#1608;&#1605;&#1601;&#1575;&#1603;&#1607;&#1577; &#1575;&#1604;&#1592;&#1585;&#1601;&#1575;&#1569;</subfield></datafield><datafield ind1=" " ind2=" " tag="880"><subfield code="6">260-05/r</subfield><subfield code="a">&#1575;&#1604;&#1605;&#1608;&#1589;&#1604; :</subfield><subfield code="b">&#1583;&#1610;&#1585; &#1575;&#1604;&#1570;&#1576;&#1575;&#1569; &#1575;&#1604;&#1583;&#1608;&#1605;&#1606;&#1705;&#1610;&#1610;&#1606;&#1548;</subfield><subfield code="c">&#1633;&#1640;&#1638;&#1641;.</subfield></datafield><datafield ind1=" " ind2=" " tag="959"><subfield code="a">NNU</subfield><subfield code="b">WEB</subfield><subfield code="c">GENI</subfield><subfield code="t">0</subfield><subfield code="m">Electronic access</subfield><subfield code="s">01</subfield></datafield><datafield ind1=" " ind2=" " tag="999"><subfield code="i">NNC_796279</subfield><subfield code="o">(OCoLC)36264615</subfield><subfield code="s">columbia_aco000061</subfield></datafield></record>